
@article{ortega_espacios_2008,
	title = {Espacios interactivos de comunicación y aprendizaje. {La} construcción de identidades},
	volume = {5},
	url = {http://www.redalyc.org/resumen.oa?id=78011201007},
	abstract = {El entorno ha cambiado. La idea lejana de que nuestro entorno es lo que «nos rodea», ha sido superada por la ruptura de las barreras físicas que nos proporciona la Red. El nuevo entorno en el que nos desenvolvemos está siendo creado por nosotros mismos a través de los productos que somos capaces de ...},
	language = {es},
	number = {2},
	urldate = {2015-03-17},
	journal = {RUSC. Universities and Knowledge Society Journal},
	author = {Ortega, Sergio and Gacitúa, Juan Carlos},
	year = {2008},
	keywords = {construcción social, Identidad, Identity, interactividad, interactivity, negociación, negotiation, Redes sociales, social construction, social networking websites, Web 2},
	pages = {17--25},
	file = {Full Text PDF:C\:\\Users\\JM\\Zotero\\storage\\29VA5XBF\\Santamaría y Araneda - 2008 - Espacios interactivos de comunicación y aprendizaj.pdf:application/pdf;Snapshot:C\:\\Users\\JM\\Zotero\\storage\\ZV58WGVW\\articulo.html:text/html}
}

@article{sloep_learning_2011,
	title = {Learning networks, networked learning},
	volume = {19},
	issn = {1134-3478},
	doi = {10.3916/C37-2011-02-05},
	abstract = {Learning Networks are on-line social networks through which users share knowledge with each other and jointly develop new knowledge. This way, Learning Networks may enrich the experience of formal, school-based learning and form a viable setting for professional development. Although networked learning enjoys an increasing interest, many questions remain on how exactly learning in such networked contexts can contribute to successful education and training. Put differently, how should networked learning be designed best to facilitate education and training? Taking this as its point of departure, the chapter addresses such issues as the dynamic evolution of Learning Networks, trust formation and profiling in Learning Networks, and peer-support among Learning Network participants. This discussion will be interspersed with implementation guidelines for Learning Networks and with a discussion of the more extended case of a Learning Network for Higher Education. Taking into consideration research currently carried out at our own centre and elsewhere, the chapter will close off with a look into the future of Learning Networks.},
	language = {English},
	number = {37},
	journal = {Comunicar},
	author = {Sloep, P. and Berlanga, A.},
	year = {2011},
	keywords = {Design, Education, Informal learning, Learning networks, Lifelong learning, Training},
	pages = {55--63},
	annote = {Cited By :8},
	file = {Comunicar-37-Sloep-Berlanga-55-64.pdf:C\:\\Users\\JM\\Zotero\\storage\\2QSUHI9B\\Comunicar-37-Sloep-Berlanga-55-64.pdf:application/pdf;SCOPUS Snapshot:C\:\\Users\\JM\\Zotero\\storage\\FZEJTNEV\\display.html:text/html}
}

@article{bartolome-pina_are_2015,
	title = {Are {MOOCs} {Promising} {Learning} {Environments}?},
	volume = {22},
	issn = {1134-3478, 1988-3293},
	url = {http://www.revistacomunicar.com/index.php?contenido=detalles&numero=44&articulo=44-2015-10},
	doi = {10.3916/C44-2015-10},
	language = {es},
	number = {44},
	urldate = {2015-03-27},
	journal = {Comunicar},
	author = {Bartolomé-Pina, Antonio-Ramón and Steffens, Karl},
	year = {2015},
	pages = {91--99},
	file = {Comunicar-44-Bartolome-Steffens-91-99.pdf:C\:\\Users\\JM\\Zotero\\storage\\CR3VV6UV\\Comunicar-44-Bartolome-Steffens-91-99.pdf:application/pdf}
}